<?xml version="1.0" encoding="UTF-8"?><collection xmlns="http://www.loc.gov/MARC21/slim"><record><leader>00515nam--2200181-i-4500</leader><controlfield tag="001">000028729</controlfield><controlfield tag="002">20161230</controlfield><controlfield tag="005">20161230201037</controlfield><controlfield tag="008">060222s1000------------r-----000-0-eng-d</controlfield><datafield ind1=" " ind2=" " tag="040"><subfield code="a">IFIN-HH</subfield></datafield><datafield ind1=" " ind2=" " tag="080"><subfield code="a">539.2:537.226</subfield></datafield><datafield ind1="1" ind2=" " tag="100"><subfield code="a">Le Fevre, R.J.W</subfield></datafield><datafield ind1="1" ind2="0" tag="245"><subfield code="a">Dipole moments</subfield><subfield code="b">Their measurement and application in chemistry</subfield><subfield code="c">R.j.w. le fevre</subfield></datafield><datafield ind1=" " ind2=" " tag="250"><subfield code="a">Third Edition</subfield></datafield><datafield ind1=" " ind2=" " tag="260"><subfield code="a">London</subfield><subfield code="b">Methuen &amp; Co. Ltd</subfield><subfield code="c">1953</subfield></datafield><datafield ind1=" " ind2=" " tag="300"><subfield code="a">VIII + 140P. CU DIAGR</subfield></datafield><datafield ind1=" " ind2=" " tag="852"><subfield code="a">10117</subfield><subfield code="c">539.19</subfield></datafield><datafield ind1=" " ind2=" " tag="CAT"><subfield code="a">Sys</subfield><subfield code="c">20120712</subfield><subfield code="h">121839</subfield></datafield></record></collection>